@book{AppAlg,
	Author = {Vijay V. Vazirani},
	Title = {Approximation Algorithms},
	Publisher = {Springer},
	Year = {2003}
}

@book{IntAlg,
	Author = {Thomas H. Cormen and Charles E. Leiserson and Ronald L. Rivest and Clifford Stein},
	Title = {Introduction to Algorithms},
	Publisher = {MIT Press},
	Year = {2009},
	Edition = {3rd}
}

@article{SNP,
	Author = {G. Lancia and V. Afna and S. Istrail and L. Lippert and R. Schwartz},
	Journal = {Lecture Notes in Computer Science},
	Title = { SNPs Problems, Complexity and Algorithms},
	Year = {2002},
	Publisher = {Springer},
}

@inproceedings{DataRaces,
	author = "Robert O'Callahan and Jong-Deok Choi",
	title		= "Hybrid dynamic data race detection",
	booktitle = "Proceedings of the ninth ACM SIGPLAN symposium on Principles and practice of parallel programming ",
	year		= "2003",
	Pages = "167-178",
}

@article{BetterAppr,
	Author = {George Karakostas},
	Journal = {ACM Transactions on Algorithms},
	Title = { A better approximation ratio for the vertex cover problem},
	Year = {2009},
}